@MISC{bloomberg:camera,
	HOWPUBLISHED = "\url{http://www.bloomberg.com/news/2011-04-07/high-resolution-cameras-will-drive-mobile-phone-shipments-above-1-billion.html}"
	}

@MISC{braams:babel,
	HOWPUBLISHED = "\url{http://www.businesswire.com/news/home/20110829005068/en/photobucket-survey-video-uploadsmobile-devices-rise}"
}
	

@INPROCEEDINGS{hames:ml,
	AUTHOR = "M. Al-Hames, B. HÃ¶rnler, C. Scheuermann, and G. Rigoll",
	TITLE = "Using audio, visual, and lexical features in a multi-modal
virtual meeting director",
	BOOKTITLE = "In Proc. of Machine Learning for
Multimodal Interaction",
	PAGES = "63-74",
	ORGANIZATION = "Springer, Bethesda,
MD, USA",
	MONTH = "May", 
	YEAR = {2006}	}

@INPROCEEDINGS{weda:spie,
	AUTHOR = "M. Campanella, H. Weda, and M. Barbieri",
	TITLE = "Edit while
watching: home video editing made easy",
	BOOKTITLE = "In Proc. of SPIE
19th Ann. Symp. Electronic Imaging, Multimedia Content
Access: Algorithms and Systems, volume 6506,",
	PAGES = "21",
	ORGANIZATION = "San
Jose, CA, USA",
	MONTH = "January", 
	YEAR = {2007}	}

@INPROCEEDINGS{crete:blur,
	AUTHOR = "F. Crete, T. Dolmiere, P. Ladret, and M. Nicolas",
	TITLE = "The blur
effect: perception and estimation with a new no-reference
perceptual blur metric",
	BOOKTITLE = "In Proc. of SPIE Human Vision and
Electronic Imaging XII, volume 6492",
	ORGANIZATION = "San
Jose, CA, USA",
	MONTH = "January", 
	YEAR = {2007}	}

@INPROCEEDINGS{asd:zxc,
	AUTHOR = "R. Cutler, Y. Rui, A. Gupta, J. Cadiz, I. Tashev, L. He,
A. Colburn, Z. Zhang, Z. Liu, and S. Silverberg",
	TITLE = "Distributed
meetings: A meeting capture and broadcasting system",
	BOOKTITLE = "In
Proc. of ACM International Conference on Multimedia",
	PAGES = "21",
	ORGANIZATION = "San
Jose, CA, USA",
	MONTH = "January", 
	YEAR = {2007}	}





